@article{Roy2004,
  title={Verification of Euler/Navier--Stokes codes using the method of manufactured solutions},
  author={Roy, Christopher John and Nelson, CC and Smith, TM and Ober, CC},
  journal={International Journal for Numerical Methods in Fluids},
  volume={44},
  number={6},
  pages={599--620},
  year={2004},
  publisher={Wiley Online Library}
}

@article{Brio1988,
  title = "An upwind differencing scheme for the equations of ideal magnetohydrodynamics",
  journal = "Journal of Computational Physics",
  volume = "75",
  number = "2",
  pages = "400 - 422",
  year = "1988",
  note = "",
  issn = "0021-9991",
  doi = "http://dx.doi.org/10.1016/0021-9991(88)90120-9",
  url = "http://www.sciencedirect.com/science/article/pii/0021999188901209",
  author = "M Brio and C.C Wu",
}

@article{Slutz2012,
  title = {High-Gain Magnetized Inertial Fusion},
  author = {Slutz, Stephen A. and Vesey, Roger A.},
  journal = {Phys. Rev. Lett.},
  volume = {108},
  issue = {2},
  pages = {025003},
  year = {2012},
  month = {Jan},
  publisher = {American Physical Society},
  doi = {10.1103/PhysRevLett.108.025003},
  url = {http://link.aps.org/doi/10.1103/PhysRevLett.108.025003}
}

@article{Lemke2012,
  author = {R. W. Lemke and Matthew R. Martin and Ryan D. McBride and Jean-Paul Davis and M. D. Knudson and Daniel Sinars and I.C. Smith and Mark Savage and William Stygar and Korbie Killebrew and Dawn G. Flicker and Mark Herrmann},
  title = {Determination of pressure and density of shocklessly compressed beryllium from x-ray radiography of a magnetically driven cylindrical liner implosion},
  journal = {AIP Conference Proceedings},
  volume = {1426},
  number = {1},
  pages = {473-476},
  year = {2012},
  doi = {10.1063/1.3686320},
  URL = {http://aip.scitation.org/doi/abs/10.1063/1.3686320},
  eprint = {http://aip.scitation.org/doi/pdf/10.1063/1.3686320}
}

@article{Petit1969,
  title =	 {Growth rate of Electrothermal Instability and Critical Hall Parameter in Close-Cylcle MHD Generators},
  author =	 {J.P. Petit, J. Valensi},
  journal =	 {CRAS},
  volume =	 {269},
  number =	 {1},
  year =	 {1969},
  publisher =	 {French Acadamy of Sciences}
}

@article{Yang2010,
  author = {Zhang Yang and Wu Jiming and Dai Zihuan and Ding Ning and Ning Cheng and Yao Yanzhong and Xiao Delong and Sun Shunkai and Gu Tongxiang and Cao Yi and Huang Jun and Xue Chuang and Shu Xiaojian},
  title = {Computational investigation of the magneto-Rayleigh-Taylor instability in Z-pinch implosions},
  journal = {Physics of Plasmas},
  volume = {17},
  number = {4},
  pages = {042702},
  year = {2010},
  doi = {10.1063/1.3381072},
  URL = {http://aip.scitation.org/doi/abs/10.1063/1.3381072},
  eprint={http://aip.scitation.org/doi/pdf/10.1063/1.3381072}
}

@article{Chen1985,
  title =	 {Introduction to Plasma Physics and Controlled Fusion
    Volume 1: {P}lasma Physics},
  author =	 {Chen, Francis F and von Goeler, Schweickhard E},
  journal =	 {Physics Today},
  volume =	 {38},
  pages =	 {87},
  year =	 {1985}
}

@article{Slutz2010,
  author = "Slutz, S. A. and Herrmann, M. C. and Vesey, R. A. and Sefkow, A. B. and Sinars, D. B. and Rovang, D. C. and Peterson, K. J. and Cuneo, M. E.",
  title = "Pulsed-power-driven cylindrical liner implosions of laser preheated fuel magnetized with an axial fielda)",
  journal = "Physics of Plasmas",
  year = "2010",
  volume = "17",
  number = "5",
  eid = 056303,
  pages = "",
  url = "http://scitation.aip.org/content/aip/journal/pop/17/5/10.1063/1.3333505",
  doi = "http://dx.doi.org/10.1063/1.3333505"
}

@article{Sinars2011,
  author = {D. B. Sinars and S. A. Slutz and M. C. Herrmann and R. D. McBride and M. E. Cuneo and C. A. Jennings and J. P. Chittenden and A. L. Velikovich and K. J. Peterson and R. A. Vesey and C. Nakhleh and E. M. Waisman and B. E. Blue and K. Killebrew and D. Schroen and K. Tomlinson and A. D. Edens and M. R. Lopez and I. C. Smith and J. Shores and V. Bigman and G. R. Bennett and B. W. Atherton and M. Savage and W. A. Stygar and G. T. Leifeste and J. L. Porter},
  title = {Measurements of magneto-Rayleigh-Taylor instability growth during the implosion of initially solid metal liners},
  journal = {Physics of Plasmas},
  volume = {18},
  number = {5},
  pages = {056301},
  year = {2011},
  doi = {10.1063/1.3560911},
  URL = {http://aip.scitation.org/doi/abs/10.1063/1.3560911},
  eprint = {http://aip.scitation.org/doi/pdf/10.1063/1.3560911}
}

@article{Peterson2012,
  author = "Peterson, Kyle J. and Sinars, Daniel B. and Yu, Edmund P. and Herrmann, Mark C. and Cuneo, Michael E. and Slutz, Stephen A. and Smith, Ian C. and Atherton, Briggs W. and Knudson, Marcus D. and Nakhleh, Charles",
  title = "Electrothermal instability growth in magnetically driven pulsed power liners",
  journal = "Physics of Plasmas",
  year = "2012",
  volume = "19",
  number = "9",
  eid = 092701,
  pages = "",
  url = "http://scitation.aip.org/content/aip/journal/pop/19/9/10.1063/1.4751868",
  doi = "http://dx.doi.org/10.1063/1.4751868"
}

@article{Stone2007,
  author = "Stone, James M. and Gardiner, Thomas",
  title = "Nonlinear evolution of the magnetohydrodynamic Rayleigh-Taylor instability",
  journal = "Physics of Fluids",
  year = "2007",
  volume = "19",
  number = "9",
  eid = 094104,
  pages = "",
  url = "http://scitation.aip.org/content/aip/journal/pof2/19/9/10.1063/1.2767666",
  doi = "http://dx.doi.org/10.1063/1.2767666"
}

@article{Harris1962,
  title =	 {Rayleigh-Taylor Instabilities of a Collapsing Cylindrical Shell in a Magnetic Field},
  author =	 {E. G. Harris},
  journal =	 {Phys. of Fluids},
  volume =	 {5},
  issue =	 {1057},
  year =	 {1962},
  month =	 {March},
  publisher =	 {American Institute of Physics},
  doi =		 {10.1063/1.1724473},
  url =		 {http://dx.doi.org/10.1063/1.1724473}
}

@article{Meier2012,
  title =	 {A general nonlinear fluid model for reacting
    plasma-neutral mixtures},
  author =	 {Meier, ET and Shumlak, U},
  journal =	 {Physics of Plasmas},
  volume =	 {19},
  number =	 {7},
  pages =	 {072508},
  year =	 {2012},
  publisher =	 {AIP Publishing},
  doi =		 {http://dx.doi.org/10.1063/1.4736975}
}


@article{Riemann1990,
  author =	 {K.-U. Riemann},
  title =	 {The {B}ohm criterion and sheath formation},
  year =	 {1990},
  journal =	 {J. Phys. D: Appl. Phys.},
  volume =	 {24},
  issue =	 {4},
  pages =	 {493-518},
  doi =		 {10.1088/0022-3727/24/4/001}
}
@article{Robertson2013,
  author =	 {S. Robertson},
  title =	 {Sheaths in laboratory and space plasmas},
  year =	 {2013},
  journal =	 {Plasma Phys. Control. Fusion},
  volume =	 {55},
  pages =	 {93001},
  doi =		 {10.1088/0741-3335/55/9/093001}
}

@book{Stangeby2000,
  author =	 {P. C. Stangeby},
  title =	 {The Plasma Boundary of Magnetic Fusion Devices},
  publisher =	 {Institute of Physics Publishing},
  year =	 {2000},
  address =	 {Bristol and Philadelphia},
  isbn =	 {0 7503 0559 2}
}

@article{Stone2005,
  title =	 {An overview of the {BEB} method for electron-impact
    ionization of atoms and molecules},
  author =	 {Stone, Philip M and Kim, Yong-Ki},
  journal =	 {Surface and interface analysis},
  volume =	 {37},
  number =	 {11},
  pages =	 {966--968},
  year =	 {2005},
  publisher =	 {Wiley Online Library},
  url =		 {http://dx.doi.org/10.1002/sia.2089},
  doi =		 {10.1002/sia.2089}
}

